@article{Alpher01,
author = {Andrew Simpson, Haoli Guo and Shuyang Du},
title = {Self-Driving Car Steering Angle Prediction Based on Image Recognition},
journal = {CS231n final report, University of Stanford},
year = 2017
}

@article{Alpher02,
author = {Gaurav Bansal, Dhruv Choudhari},
title = {Convolutional architectures for self-driving cars},
journal = {CS231n final report, University of Stanford},
year = 2017
}

@article{Alpher03,
author = {Mariusz Bojarski, Davide Del Testa, Daniel Dworakowski et al},
title = {End to End Learning for SelfDriving Cars},
journal = {arXiv preprint arXiv:1604.07316v1},
year = 2016
}

@article{Alpher04,
author = {Lu Chi, Yadong Mu},
title = {Deep Steering: Learning End-to-End Driving Model from Spatial and Temporal Visual Cues},
journal = {arXiv preprint arXiv:1708.03798v1},
year = 2017
}

@article{Alpher05,
author = {Arthur Emidio T. Ferreira, Ana Paula G.S. de Almeida and Flavio de Barros Vidal},
title = {Autonomous Vehicle Steering Wheel Estimation from a Video using Multichannel Convolutional Neural Networks},
journal = {ICINCO},
year = 2018
}

@article{Alpher06,
author = {Yaroslav Ganin, Evgeniya Ustinova, Hana Ajakan, Pascal Germain, Hugo Larochelle, Francois Laviolette, Mario Marchand, Victor Lempitsky},
title = {Domain-Adversarial Training of Neural Networks},
journal = {arXiv preprint arXiv:1505.07818v4},
year = 2016
}

@article{Alpher07,
author = {Kalman, Rudolph Emil},
title = {A New Approach to Linear Filtering and Prediction Problems},
journal = {Transactions of the ASME--Journal of Basic Engineering},
year = {1960}
}

@article{Alpher08,
author = {Sobel, Irwin},
title = {An Isotropic 3x3 Image Gradient Operator},
journal = {Presentation at Stanford A.I. Project 1968},
year = {2014}
}

@article{Alpher09,
author = {Duda, Richard O. and Hart, Peter E.},
title = {Use of the Hough Transformation to Detect Lines and Curves in Pictures},
journal = {Commun. ACM},
year = {1972}
}